@ARTICLE{2024ApJ...967...89I,
       author = {{Ibata}, Rodrigo and {Malhan}, Khyati and {Tenachi}, Wassim and {Ardern-Arentsen}, Anke and {Bellazzini}, Michele and {Bianchini}, Paolo and {Bonifacio}, Piercarlo and {Caffau}, Elisabetta and {Diakogiannis}, Foivos and {Errani}, Raphael and {Famaey}, Benoit and {Ferrone}, Salvatore and {Martin}, Nicolas F. and {di Matteo}, Paola and {Monari}, Giacomo and {Renaud}, Florent and {Starkenburg}, Else and {Thomas}, Guillaume and {Viswanathan}, Akshara and {Yuan}, Zhen},
        title = "{Charting the Galactic Acceleration Field. II. A Global Mass Model of the Milky Way from the STREAMFINDER Atlas of Stellar Streams Detected in Gaia DR3}",
      journal = {\apj},
     keywords = {Stellar streams, Galaxy structure, Dark matter, 2166, 622, 353, Astrophysics - Astrophysics of Galaxies},
         year = 2024,
        month = jun,
       volume = {967},
       number = {2},
          eid = {89},
        pages = {89},
          doi = {10.3847/1538-4357/ad382d},
archivePrefix = {arXiv},
       eprint = {2311.17202},
 primaryClass = {astro-ph.GA},
       adsurl = {https://ui.adsabs.harvard.edu/abs/2024ApJ...967...89I},
      adsnote = {Provided by the SAO/NASA Astrophysics Data System}
}

@ARTICLE{2024arXiv240519410B,
       author = {{Bonaca}, Ana and {Price-Whelan}, Adrian M.},
        title = "{Stellar Streams in the Gaia Era}",
      journal = {arXiv e-prints},
     keywords = {Astrophysics - Astrophysics of Galaxies, Astrophysics - Cosmology and Nongalactic Astrophysics},
         year = 2024,
        month = may,
          eid = {arXiv:2405.19410},
        pages = {arXiv:2405.19410},
          doi = {10.48550/arXiv.2405.19410},
archivePrefix = {arXiv},
       eprint = {2405.19410},
 primaryClass = {astro-ph.GA},
       adsurl = {https://ui.adsabs.harvard.edu/abs/2024arXiv240519410B},
      adsnote = {Provided by the SAO/NASA Astrophysics Data System}
}

@INPROCEEDINGS{2024AAS...24316101B,
       author = {{Bonaca}, Ana},
        title = "{The Milky Way as a Cosmological Laboratory}",
    booktitle = {American Astronomical Society Meeting Abstracts},
         year = 2024,
       series = {American Astronomical Society Meeting Abstracts},
       volume = {243},
        month = feb,
          eid = {161.01},
        pages = {161.01},
       adsurl = {https://ui.adsabs.harvard.edu/abs/2024AAS...24316101B},
      adsnote = {Provided by the SAO/NASA Astrophysics Data System}
}

@ARTICLE{2023A&A...673A..44F,
       author = {{Ferrone}, Salvatore and {Di Matteo}, Paola and {Mastrobuono-Battisti}, Alessandra and {Haywood}, Misha and {Snaith}, Owain N. and {Montuori}, Marco and {Khoperskov}, Sergey and {Valls-Gabaud}, David},
        title = "{The e-TidalGCs project. Modeling the extra-tidal features generated by Galactic globular clusters}",
      journal = {\aap},
     keywords = {globular clusters: general, Galaxy: structure, Galaxy: kinematics and dynamics, Galaxy: evolution, methods: numerical, Astrophysics - Astrophysics of Galaxies},
         year = 2023,
        month = may,
       volume = {673},
          eid = {A44},
        pages = {A44},
          doi = {10.1051/0004-6361/202244141},
archivePrefix = {arXiv},
       eprint = {2301.05166},
 primaryClass = {astro-ph.GA},
       adsurl = {https://ui.adsabs.harvard.edu/abs/2023A&A...673A..44F},
      adsnote = {Provided by the SAO/NASA Astrophysics Data System}
}

@ARTICLE{2022MNRAS.516.5331M,
       author = {{Martin}, Nicolas F. and {Ibata}, Rodrigo A. and {Starkenburg}, Else and {Yuan}, Zhen and {Malhan}, Khyati and {Bellazzini}, Michele and {Viswanathan}, Akshara and {Aguado}, David and {Arentsen}, Anke and {Bonifacio}, Piercarlo and {Carlberg}, Ray and {Gonz{\'a}lez Hern{\'a}ndez}, Jonay I. and {Hill}, Vanessa and {Jablonka}, Pascale and {Kordopatis}, Georges and {Lardo}, Carmela and {McConnachie}, Alan W. and {Navarro}, Julio and {S{\'a}nchez-Janssen}, Rub{\'e}n and {Sestito}, Federico and {Thomas}, Guillaume F. and {Venn}, Kim A. and {Vitali}, Sara and {Voggel}, Karina T.},
        title = "{The Pristine survey - XVI. The metallicity of 26 stellar streams around the Milky Way detected with the STREAMFINDER in Gaia EDR3}",
      journal = {\mnras},
     keywords = {Galaxy: abundances, Galaxy: formation, Galaxy: halo, Astrophysics - Astrophysics of Galaxies},
         year = 2022,
        month = nov,
       volume = {516},
       number = {4},
        pages = {5331-5354},
          doi = {10.1093/mnras/stac2426},
archivePrefix = {arXiv},
       eprint = {2201.01310},
 primaryClass = {astro-ph.GA},
       adsurl = {https://ui.adsabs.harvard.edu/abs/2022MNRAS.516.5331M},
      adsnote = {Provided by the SAO/NASA Astrophysics Data System}
}

@ARTICLE{2022ApJ...926..107M,
       author = {{Malhan}, Khyati and {Ibata}, Rodrigo A. and {Sharma}, Sanjib and {Famaey}, Benoit and {Bellazzini}, Michele and {Carlberg}, Raymond G. and {D'Souza}, Richard and {Yuan}, Zhen and {Martin}, Nicolas F. and {Thomas}, Guillaume F.},
        title = "{The Global Dynamical Atlas of the Milky Way Mergers: Constraints from Gaia EDR3-based Orbits of Globular Clusters, Stellar Streams, and Satellite Galaxies}",
      journal = {\apj},
     keywords = {656, 1053, 1060, 416, 2166, 595, 622, Astrophysics - Astrophysics of Galaxies},
         year = 2022,
        month = feb,
       volume = {926},
       number = {2},
          eid = {107},
        pages = {107},
          doi = {10.3847/1538-4357/ac4d2a},
archivePrefix = {arXiv},
       eprint = {2202.07660},
 primaryClass = {astro-ph.GA},
       adsurl = {https://ui.adsabs.harvard.edu/abs/2022ApJ...926..107M},
      adsnote = {Provided by the SAO/NASA Astrophysics Data System}
}

@ARTICLE{2021PrPNP.11903865A,
       author = {{Arbey}, A. and {Mahmoudi}, F.},
        title = "{Dark matter and the early Universe: A review}",
      journal = {Progress in Particle and Nuclear Physics},
     keywords = {Dark matter, New physics, Cosmological scenarios, High Energy Physics - Phenomenology, Astrophysics - Cosmology and Nongalactic Astrophysics},
         year = 2021,
        month = jul,
       volume = {119},
          eid = {103865},
        pages = {103865},
          doi = {10.1016/j.ppnp.2021.103865},
archivePrefix = {arXiv},
       eprint = {2104.11488},
 primaryClass = {hep-ph},
       adsurl = {https://ui.adsabs.harvard.edu/abs/2021PrPNP.11903865A},
      adsnote = {Provided by the SAO/NASA Astrophysics Data System}
}

@MISC{2021hst..prop16791B,
       author = {{Bonaca}, Ana and {Conroy}, Charlie and {Hogg}, David W. and {Kallivayalil}, Nitya and {Price-Whelan}, Adrian and {Sohn}, Sangmo Tony and {van der Marel}, Roeland P.},
        title = "{Cold Dark Matter and the GD-1 Stellar Stream}",
 howpublished = {HST Proposal. Cycle 29, ID. \#16791},
         year = 2021,
        month = jun,
        pages = {16791},
       adsurl = {https://ui.adsabs.harvard.edu/abs/2021hst..prop16791B},
      adsnote = {Provided by the SAO/NASA Astrophysics Data System}
}

@INPROCEEDINGS{2021DDA....5240106B,
       author = {{Bonaca}, A.},
        title = "{Reconstruction of the dark matter distribution in the Milky Way}",
    booktitle = {AAS/Division of Dynamical Astronomy Meeting},
         year = 2021,
       series = {AAS/Division of Dynamical Astronomy Meeting},
       volume = {53},
        month = jun,
          eid = {401.06},
        pages = {401.06},
       adsurl = {https://ui.adsabs.harvard.edu/abs/2021DDA....5240106B},
      adsnote = {Provided by the SAO/NASA Astrophysics Data System}
}

@ARTICLE{2021ApJ...914..123I,
       author = {{Ibata}, Rodrigo and {Malhan}, Khyati and {Martin}, Nicolas and {Aubert}, Dominique and {Famaey}, Benoit and {Bianchini}, Paolo and {Monari}, Giacomo and {Siebert}, Arnaud and {Thomas}, Guillaume F. and {Bellazzini}, Michele and {Bonifacio}, Piercarlo and {Caffau}, Elisabetta and {Renaud}, Florent},
        title = "{Charting the Galactic Acceleration Field. I. A Search for Stellar Streams with Gaia DR2 and EDR3 with Follow-up from ESPaDOnS and UVES}",
      journal = {\apj},
     keywords = {Milky Way Galaxy, Dark matter, 1054, 353, Astrophysics - Astrophysics of Galaxies},
         year = 2021,
        month = jun,
       volume = {914},
       number = {2},
          eid = {123},
        pages = {123},
          doi = {10.3847/1538-4357/abfcc2},
archivePrefix = {arXiv},
       eprint = {2012.05245},
 primaryClass = {astro-ph.GA},
       adsurl = {https://ui.adsabs.harvard.edu/abs/2021ApJ...914..123I},
      adsnote = {Provided by the SAO/NASA Astrophysics Data System}
}

@ARTICLE{2021ApJ...909L..26B,
       author = {{Bonaca}, Ana and {Naidu}, Rohan P. and {Conroy}, Charlie and {Caldwell}, Nelson and {Cargile}, Phillip A. and {Han}, Jiwon Jesse and {Johnson}, Benjamin D. and {Kruijssen}, J.~M. Diederik and {Myeong}, G.~C. and {Speagle}, Joshua S. and {Ting}, Yuan-Sen and {Zaritsky}, Dennis},
        title = "{Orbital Clustering Identifies the Origins of Galactic Stellar Streams}",
      journal = {\apjl},
     keywords = {the Milky Way, Milky Way stellar halo, Tidal tails, Galaxy accretion, Globular star clusters, 1054, 1060, 1701, 575, 656, Astrophysics - Astrophysics of Galaxies},
         year = 2021,
        month = mar,
       volume = {909},
       number = {2},
          eid = {L26},
        pages = {L26},
          doi = {10.3847/2041-8213/abeaa9},
archivePrefix = {arXiv},
       eprint = {2012.09171},
 primaryClass = {astro-ph.GA},
       adsurl = {https://ui.adsabs.harvard.edu/abs/2021ApJ...909L..26B},
      adsnote = {Provided by the SAO/NASA Astrophysics Data System}
}

@ARTICLE{2020A&A...641A...1P,
       author = {{Planck Collaboration} and {Aghanim}, N. and {Akrami}, Y. and {Arroja}, F. and {Ashdown}, M. and {Aumont}, J. and {Baccigalupi}, C. and {Ballardini}, M. and {Banday}, A.~J. and {Barreiro}, R.~B. and {Bartolo}, N. and {Basak}, S. and {Battye}, R. and {Benabed}, K. and {Bernard}, J. -P. and {Bersanelli}, M. and {Bielewicz}, P. and {Bock}, J.~J. and {Bond}, J.~R. and {Borrill}, J. and {Bouchet}, F.~R. and {Boulanger}, F. and {Bucher}, M. and {Burigana}, C. and {Butler}, R.~C. and {Calabrese}, E. and {Cardoso}, J. -F. and {Carron}, J. and {Casaponsa}, B. and {Challinor}, A. and {Chiang}, H.~C. and {Colombo}, L.~P.~L. and {Combet}, C. and {Contreras}, D. and {Crill}, B.~P. and {Cuttaia}, F. and {de Bernardis}, P. and {de Zotti}, G. and {Delabrouille}, J. and {Delouis}, J. -M. and {D{\'e}sert}, F. -X. and {Di Valentino}, E. and {Dickinson}, C. and {Diego}, J.~M. and {Donzelli}, S. and {Dor{\'e}}, O. and {Douspis}, M. and {Ducout}, A. and {Dupac}, X. and {Efstathiou}, G. and {Elsner}, F. and {En{\ss}lin}, T.~A. and {Eriksen}, H.~K. and {Falgarone}, E. and {Fantaye}, Y. and {Fergusson}, J. and {Fernandez-Cobos}, R. and {Finelli}, F. and {Forastieri}, F. and {Frailis}, M. and {Franceschi}, E. and {Frolov}, A. and {Galeotta}, S. and {Galli}, S. and {Ganga}, K. and {G{\'e}nova-Santos}, R.~T. and {Gerbino}, M. and {Ghosh}, T. and {Gonz{\'a}lez-Nuevo}, J. and {G{\'o}rski}, K.~M. and {Gratton}, S. and {Gruppuso}, A. and {Gudmundsson}, J.~E. and {Hamann}, J. and {Handley}, W. and {Hansen}, F.~K. and {Helou}, G. and {Herranz}, D. and {Hildebrandt}, S.~R. and {Hivon}, E. and {Huang}, Z. and {Jaffe}, A.~H. and {Jones}, W.~C. and {Karakci}, A. and {Keih{\"a}nen}, E. and {Keskitalo}, R. and {Kiiveri}, K. and {Kim}, J. and {Kisner}, T.~S. and {Knox}, L. and {Krachmalnicoff}, N. and {Kunz}, M. and {Kurki-Suonio}, H. and {Lagache}, G. and {Lamarre}, J. -M. and {Langer}, M. and {Lasenby}, A. and {Lattanzi}, M. and {Lawrence}, C.~R. and {Le Jeune}, M. and {Leahy}, J.~P. and {Lesgourgues}, J. and {Levrier}, F. and {Lewis}, A. and {Liguori}, M. and {Lilje}, P.~B. and {Lilley}, M. and {Lindholm}, V. and {L{\'o}pez-Caniego}, M. and {Lubin}, P.~M. and {Ma}, Y. -Z. and {Mac{\'\i}as-P{\'e}rez}, J.~F. and {Maggio}, G. and {Maino}, D. and {Mandolesi}, N. and {Mangilli}, A. and {Marcos-Caballero}, A. and {Maris}, M. and {Martin}, P.~G. and {Martinelli}, M. and {Mart{\'\i}nez-Gonz{\'a}lez}, E. and {Matarrese}, S. and {Mauri}, N. and {McEwen}, J.~D. and {Meerburg}, P.~D. and {Meinhold}, P.~R. and {Melchiorri}, A. and {Mennella}, A. and {Migliaccio}, M. and {Millea}, M. and {Mitra}, S. and {Miville-Desch{\^e}nes}, M. -A. and {Molinari}, D. and {Moneti}, A. and {Montier}, L. and {Morgante}, G. and {Moss}, A. and {Mottet}, S. and {M{\"u}nchmeyer}, M. and {Natoli}, P. and {N{\o}rgaard-Nielsen}, H.~U. and {Oxborrow}, C.~A. and {Pagano}, L. and {Paoletti}, D. and {Partridge}, B. and {Patanchon}, G. and {Pearson}, T.~J. and {Peel}, M. and {Peiris}, H.~V. and {Perrotta}, F. and {Pettorino}, V. and {Piacentini}, F. and {Polastri}, L. and {Polenta}, G. and {Puget}, J. -L. and {Rachen}, J.~P. and {Reinecke}, M. and {Remazeilles}, M. and {Renault}, C. and {Renzi}, A. and {Rocha}, G. and {Rosset}, C. and {Roudier}, G. and {Rubi{\~n}o-Mart{\'\i}n}, J.~A. and {Ruiz-Granados}, B. and {Salvati}, L. and {Sandri}, M. and {Savelainen}, M. and {Scott}, D. and {Shellard}, E.~P.~S. and {Shiraishi}, M. and {Sirignano}, C. and {Sirri}, G. and {Spencer}, L.~D. and {Sunyaev}, R. and {Suur-Uski}, A. -S. and {Tauber}, J.~A. and {Tavagnacco}, D. and {Tenti}, M. and {Terenzi}, L. and {Toffolatti}, L. and {Tomasi}, M. and {Trombetti}, T. and {Valiviita}, J. and {Van Tent}, B. and {Vibert}, L. and {Vielva}, P. and {Villa}, F. and {Vittorio}, N. and {Wandelt}, B.~D. and {Wehus}, I.~K. and {White}, M. and {White}, S.~D.~M. and {Zacchei}, A. and {Zonca}, A.},
        title = "{Planck 2018 results. I. Overview and the cosmological legacy of Planck}",
      journal = {\aap},
     keywords = {cosmology: observations, cosmology: theory, cosmic background radiation, surveys, Astrophysics - Cosmology and Nongalactic Astrophysics},
         year = 2020,
        month = sep,
       volume = {641},
          eid = {A1},
        pages = {A1},
          doi = {10.1051/0004-6361/201833880},
archivePrefix = {arXiv},
       eprint = {1807.06205},
 primaryClass = {astro-ph.CO},
       adsurl = {https://ui.adsabs.harvard.edu/abs/2020A&A...641A...1P},
      adsnote = {Provided by the SAO/NASA Astrophysics Data System}
}

@ARTICLE{2020A&A...641A...8P,
       author = {{Planck Collaboration} and {Aghanim}, N. and {Akrami}, Y. and {Ashdown}, M. and {Aumont}, J. and {Baccigalupi}, C. and {Ballardini}, M. and {Banday}, A.~J. and {Barreiro}, R.~B. and {Bartolo}, N. and {Basak}, S. and {Benabed}, K. and {Bernard}, J. -P. and {Bersanelli}, M. and {Bielewicz}, P. and {Bock}, J.~J. and {Bond}, J.~R. and {Borrill}, J. and {Bouchet}, F.~R. and {Boulanger}, F. and {Bucher}, M. and {Burigana}, C. and {Calabrese}, E. and {Cardoso}, J. -F. and {Carron}, J. and {Challinor}, A. and {Chiang}, H.~C. and {Colombo}, L.~P.~L. and {Combet}, C. and {Crill}, B.~P. and {Cuttaia}, F. and {de Bernardis}, P. and {de Zotti}, G. and {Delabrouille}, J. and {Di Valentino}, E. and {Diego}, J.~M. and {Dor{\'e}}, O. and {Douspis}, M. and {Ducout}, A. and {Dupac}, X. and {Efstathiou}, G. and {Elsner}, F. and {En{\ss}lin}, T.~A. and {Eriksen}, H.~K. and {Fantaye}, Y. and {Fernandez-Cobos}, R. and {Finelli}, F. and {Forastieri}, F. and {Frailis}, M. and {Fraisse}, A.~A. and {Franceschi}, E. and {Frolov}, A. and {Galeotta}, S. and {Galli}, S. and {Ganga}, K. and {G{\'e}nova-Santos}, R.~T. and {Gerbino}, M. and {Ghosh}, T. and {Gonz{\'a}lez-Nuevo}, J. and {G{\'o}rski}, K.~M. and {Gratton}, S. and {Gruppuso}, A. and {Gudmundsson}, J.~E. and {Hamann}, J. and {Handley}, W. and {Hansen}, F.~K. and {Herranz}, D. and {Hivon}, E. and {Huang}, Z. and {Jaffe}, A.~H. and {Jones}, W.~C. and {Karakci}, A. and {Keih{\"a}nen}, E. and {Keskitalo}, R. and {Kiiveri}, K. and {Kim}, J. and {Knox}, L. and {Krachmalnicoff}, N. and {Kunz}, M. and {Kurki-Suonio}, H. and {Lagache}, G. and {Lamarre}, J. -M. and {Lasenby}, A. and {Lattanzi}, M. and {Lawrence}, C.~R. and {Le Jeune}, M. and {Levrier}, F. and {Lewis}, A. and {Liguori}, M. and {Lilje}, P.~B. and {Lindholm}, V. and {L{\'o}pez-Caniego}, M. and {Lubin}, P.~M. and {Ma}, Y. -Z. and {Mac{\'\i}as-P{\'e}rez}, J.~F. and {Maggio}, G. and {Maino}, D. and {Mandolesi}, N. and {Mangilli}, A. and {Marcos-Caballero}, A. and {Maris}, M. and {Martin}, P.~G. and {Mart{\'\i}nez-Gonz{\'a}lez}, E. and {Matarrese}, S. and {Mauri}, N. and {McEwen}, J.~D. and {Melchiorri}, A. and {Mennella}, A. and {Migliaccio}, M. and {Miville-Desch{\^e}nes}, M. -A. and {Molinari}, D. and {Moneti}, A. and {Montier}, L. and {Morgante}, G. and {Moss}, A. and {Natoli}, P. and {Pagano}, L. and {Paoletti}, D. and {Partridge}, B. and {Patanchon}, G. and {Perrotta}, F. and {Pettorino}, V. and {Piacentini}, F. and {Polastri}, L. and {Polenta}, G. and {Puget}, J. -L. and {Rachen}, J.~P. and {Reinecke}, M. and {Remazeilles}, M. and {Renzi}, A. and {Rocha}, G. and {Rosset}, C. and {Roudier}, G. and {Rubi{\~n}o-Mart{\'\i}n}, J.~A. and {Ruiz-Granados}, B. and {Salvati}, L. and {Sandri}, M. and {Savelainen}, M. and {Scott}, D. and {Sirignano}, C. and {Sunyaev}, R. and {Suur-Uski}, A. -S. and {Tauber}, J.~A. and {Tavagnacco}, D. and {Tenti}, M. and {Toffolatti}, L. and {Tomasi}, M. and {Trombetti}, T. and {Valiviita}, J. and {Van Tent}, B. and {Vielva}, P. and {Villa}, F. and {Vittorio}, N. and {Wandelt}, B.~D. and {Wehus}, I.~K. and {White}, M. and {White}, S.~D.~M. and {Zacchei}, A. and {Zonca}, A.},
        title = "{Planck 2018 results. VIII. Gravitational lensing}",
      journal = {\aap},
     keywords = {gravitational lensing: weak, cosmological parameters, cosmic background radiation, large-scale structure of Universe, cosmology: observations, Astrophysics - Cosmology and Nongalactic Astrophysics},
         year = 2020,
        month = sep,
       volume = {641},
          eid = {A8},
        pages = {A8},
          doi = {10.1051/0004-6361/201833886},
archivePrefix = {arXiv},
       eprint = {1807.06210},
 primaryClass = {astro-ph.CO},
       adsurl = {https://ui.adsabs.harvard.edu/abs/2020A&A...641A...8P},
      adsnote = {Provided by the SAO/NASA Astrophysics Data System}
}

@ARTICLE{2020ApJ...892L..37B,
       author = {{Bonaca}, Ana and {Conroy}, Charlie and {Hogg}, David W. and {Cargile}, Phillip A. and {Caldwell}, Nelson and {Naidu}, Rohan P. and {Price-Whelan}, Adrian M. and {Speagle}, Joshua S. and {Johnson}, Benjamin D.},
        title = "{High-resolution Spectroscopy of the GD-1 Stellar Stream Localizes the Perturber near the Orbital Plane of Sagittarius}",
      journal = {\apjl},
     keywords = {Tidal tails, High resolution spectroscopy, Milky Way dynamics, Milky Way dark matter halo, 1701, 2096, 1051, 1049, Astrophysics - Astrophysics of Galaxies, Astrophysics - Solar and Stellar Astrophysics, High Energy Physics - Phenomenology},
         year = 2020,
        month = apr,
       volume = {892},
       number = {2},
          eid = {L37},
        pages = {L37},
          doi = {10.3847/2041-8213/ab800c},
archivePrefix = {arXiv},
       eprint = {2001.07215},
 primaryClass = {astro-ph.GA},
       adsurl = {https://ui.adsabs.harvard.edu/abs/2020ApJ...892L..37B},
      adsnote = {Provided by the SAO/NASA Astrophysics Data System}
}

@INPROCEEDINGS{2020AAS...23526405B,
       author = {{Bonaca}, A.},
        title = "{Stellar streams in the Milky Way: a gallery of dynamical perturbation}",
    booktitle = {American Astronomical Society Meeting Abstracts \#235},
         year = 2020,
       series = {American Astronomical Society Meeting Abstracts},
       volume = {235},
        month = jan,
          eid = {264.05},
        pages = {264.05},
       adsurl = {https://ui.adsabs.harvard.edu/abs/2020AAS...23526405B},
      adsnote = {Provided by the SAO/NASA Astrophysics Data System}
}

@ARTICLE{2020ApJ...889...70B,
       author = {{Bonaca}, Ana and {Pearson}, Sarah and {Price-Whelan}, Adrian M. and {Dey}, Arjun and {Geha}, Marla and {Kallivayalil}, Nitya and {Moustakas}, John and {Mu{\~n}oz}, Ricardo and {Myers}, Adam D. and {Schlegel}, David J. and {Valdes}, Francisco},
        title = "{Variations in the Width, Density, and Direction of the Palomar 5 Tidal Tails}",
      journal = {\apj},
     keywords = {Globular star clusters, Milky Way dynamics, Milky Way stellar halo, Milky Way dark matter halo, Tidal tails, 656, 1051, 1060, 1049, 1701, Astrophysics - Astrophysics of Galaxies},
         year = 2020,
        month = jan,
       volume = {889},
       number = {1},
          eid = {70},
        pages = {70},
          doi = {10.3847/1538-4357/ab5afe},
archivePrefix = {arXiv},
       eprint = {1910.00592},
 primaryClass = {astro-ph.GA},
       adsurl = {https://ui.adsabs.harvard.edu/abs/2020ApJ...889...70B},
      adsnote = {Provided by the SAO/NASA Astrophysics Data System}
}

@ARTICLE{2019ApJ...886L...7M,
       author = {{Malhan}, Khyati and {Ibata}, Rodrigo A. and {Carlberg}, Raymond G. and {Bellazzini}, Michele and {Famaey}, Benoit and {Martin}, Nicolas F.},
        title = "{Phase-space Correlation in Stellar Streams of the Milky Way Halo: The Clash of Kshir and GD-1}",
      journal = {\apjl},
     keywords = {Globular star clusters, Dark matter, Stellar kinematics, Milky Way stellar halo, 656, 353, 1608, 1060, Astrophysics - Astrophysics of Galaxies},
         year = 2019,
        month = nov,
       volume = {886},
       number = {1},
          eid = {L7},
        pages = {L7},
          doi = {10.3847/2041-8213/ab530e},
archivePrefix = {arXiv},
       eprint = {1911.00009},
 primaryClass = {astro-ph.GA},
       adsurl = {https://ui.adsabs.harvard.edu/abs/2019ApJ...886L...7M},
      adsnote = {Provided by the SAO/NASA Astrophysics Data System}
}

@ARTICLE{2019Galax...7...81Z,
       author = {{Zavala}, Jes{\'u}s and {Frenk}, Carlos S.},
        title = "{Dark Matter Haloes and Subhaloes}",
      journal = {Galaxies},
     keywords = {dark matter, structure formation, cosmological N-body simulations, Astrophysics - Cosmology and Nongalactic Astrophysics, High Energy Physics - Phenomenology},
         year = 2019,
        month = sep,
       volume = {7},
       number = {4},
          eid = {81},
        pages = {81},
          doi = {10.3390/galaxies7040081},
archivePrefix = {arXiv},
       eprint = {1907.11775},
 primaryClass = {astro-ph.CO},
       adsurl = {https://ui.adsabs.harvard.edu/abs/2019Galax...7...81Z},
      adsnote = {Provided by the SAO/NASA Astrophysics Data System}
}

@ARTICLE{2019ApJ...881..106M,
       author = {{Malhan}, Khyati and {Ibata}, Rodrigo A. and {Carlberg}, Raymond G. and {Valluri}, Monica and {Freese}, Katherine},
        title = "{Butterfly in a Cocoon, Understanding the Origin and Morphology of Globular Cluster Streams: The Case of GD-1}",
      journal = {\apj},
     keywords = {Galaxy: formation, Galaxy: halo, Galaxy: structure, globular clusters: general, stars: kinematics and dynamics, Astrophysics - Astrophysics of Galaxies},
         year = 2019,
        month = aug,
       volume = {881},
       number = {2},
          eid = {106},
        pages = {106},
          doi = {10.3847/1538-4357/ab2e07},
archivePrefix = {arXiv},
       eprint = {1903.08141},
 primaryClass = {astro-ph.GA},
       adsurl = {https://ui.adsabs.harvard.edu/abs/2019ApJ...881..106M},
      adsnote = {Provided by the SAO/NASA Astrophysics Data System}
}

@ARTICLE{2019ApJ...880...38B,
       author = {{Bonaca}, Ana and {Hogg}, David W. and {Price-Whelan}, Adrian M. and {Conroy}, Charlie},
        title = "{The Spur and the Gap in GD-1: Dynamical Evidence for a Dark Substructure in the Milky Way Halo}",
      journal = {\apj},
     keywords = {cosmology: observations, dark matter, Galaxy: halo, Galaxy: kinematics and dynamics, gravitation, stars: kinematics and dynamics, Astrophysics - Astrophysics of Galaxies, Astrophysics - Cosmology and Nongalactic Astrophysics, High Energy Physics - Phenomenology},
         year = 2019,
        month = jul,
       volume = {880},
       number = {1},
          eid = {38},
        pages = {38},
          doi = {10.3847/1538-4357/ab2873},
archivePrefix = {arXiv},
       eprint = {1811.03631},
 primaryClass = {astro-ph.GA},
       adsurl = {https://ui.adsabs.harvard.edu/abs/2019ApJ...880...38B},
      adsnote = {Provided by the SAO/NASA Astrophysics Data System}
}

@ARTICLE{2019MNRAS.486.2995M,
       author = {{Malhan}, Khyati and {Ibata}, Rodrigo A.},
        title = "{Constraining the Milky Way halo potential with the GD-1 stellar stream}",
      journal = {\mnras},
     keywords = {stars: kinematics and dynamics, Galaxy: fundamental parameters, Galaxy: halo, Galaxy: structure, dark matter, Astrophysics - Astrophysics of Galaxies},
         year = 2019,
        month = jul,
       volume = {486},
       number = {3},
        pages = {2995-3005},
          doi = {10.1093/mnras/stz1035},
archivePrefix = {arXiv},
       eprint = {1807.05994},
 primaryClass = {astro-ph.GA},
       adsurl = {https://ui.adsabs.harvard.edu/abs/2019MNRAS.486.2995M},
      adsnote = {Provided by the SAO/NASA Astrophysics Data System}
}

@ARTICLE{2019MNRAS.484.2009B,
       author = {{Banik}, Nilanjan and {Bovy}, Jo},
        title = "{Effects of baryonic and dark matter substructure on the Pal 5 stream}",
      journal = {\mnras},
     keywords = {Galaxy: evolution, Galaxy: halo, Galaxy: kinematics and dynamics, Galaxy: structure, dark matter, Astrophysics - Astrophysics of Galaxies, Astrophysics - Cosmology and Nongalactic Astrophysics},
         year = 2019,
        month = apr,
       volume = {484},
       number = {2},
        pages = {2009-2020},
          doi = {10.1093/mnras/stz142},
archivePrefix = {arXiv},
       eprint = {1809.09640},
 primaryClass = {astro-ph.GA},
       adsurl = {https://ui.adsabs.harvard.edu/abs/2019MNRAS.484.2009B},
      adsnote = {Provided by the SAO/NASA Astrophysics Data System}
}

@ARTICLE{2019NatAs...3..667I,
       author = {{Ibata}, Rodrigo A. and {Bellazzini}, Michele and {Malhan}, Khyati and {Martin}, Nicolas and {Bianchini}, Paolo},
        title = "{Identification of the long stellar stream of the prototypical massive globular cluster {\ensuremath{\omega}} Centauri}",
      journal = {Nature Astronomy},
     keywords = {Astrophysics - Astrophysics of Galaxies},
         year = 2019,
        month = apr,
       volume = {3},
        pages = {667-672},
          doi = {10.1038/s41550-019-0751-x},
archivePrefix = {arXiv},
       eprint = {1902.09544},
 primaryClass = {astro-ph.GA},
       adsurl = {https://ui.adsabs.harvard.edu/abs/2019NatAs...3..667I},
      adsnote = {Provided by the SAO/NASA Astrophysics Data System}
}

@ARTICLE{2019ApJ...872..152I,
       author = {{Ibata}, Rodrigo A. and {Malhan}, Khyati and {Martin}, Nicolas F.},
        title = "{The Streams of the Gaping Abyss: A Population of Entangled Stellar Streams Surrounding the Inner Galaxy}",
      journal = {\apj},
     keywords = {galaxies: formation, Galaxy: halo, Galaxy: stellar content, Galaxy: structure, surveys, Astrophysics - Astrophysics of Galaxies},
         year = 2019,
        month = feb,
       volume = {872},
       number = {2},
          eid = {152},
        pages = {152},
          doi = {10.3847/1538-4357/ab0080},
archivePrefix = {arXiv},
       eprint = {1901.07566},
 primaryClass = {astro-ph.GA},
       adsurl = {https://ui.adsabs.harvard.edu/abs/2019ApJ...872..152I},
      adsnote = {Provided by the SAO/NASA Astrophysics Data System}
}

@ARTICLE{2018MNRAS.481.3442M,
       author = {{Malhan}, Khyati and {Ibata}, Rodrigo A. and {Martin}, Nicolas F.},
        title = "{Ghostly tributaries to the Milky Way: charting the halo's stellar streams with the Gaia DR2 catalogue}",
      journal = {\mnras},
     keywords = {stars: kinematics and dynamics, Galaxy: halo, Galaxy: kinematics and dynamics, Galaxy: structure, Astrophysics - Astrophysics of Galaxies},
         year = 2018,
        month = dec,
       volume = {481},
       number = {3},
        pages = {3442-3455},
          doi = {10.1093/mnras/sty2474},
archivePrefix = {arXiv},
       eprint = {1804.11339},
 primaryClass = {astro-ph.GA},
       adsurl = {https://ui.adsabs.harvard.edu/abs/2018MNRAS.481.3442M},
      adsnote = {Provided by the SAO/NASA Astrophysics Data System}
}

@ARTICLE{2018ApJ...865...85I,
       author = {{Ibata}, Rodrigo A. and {Malhan}, Khyati and {Martin}, Nicolas F. and {Starkenburg}, Else},
        title = "{Phlegethon, a Nearby 75{\textdegree}-long Retrograde Stellar Stream}",
      journal = {\apj},
     keywords = {galaxies: formation, Galaxy: halo, Galaxy: stellar content, Galaxy: structure, surveys, Astrophysics - Astrophysics of Galaxies},
         year = 2018,
        month = oct,
       volume = {865},
       number = {2},
          eid = {85},
        pages = {85},
          doi = {10.3847/1538-4357/aadba3},
archivePrefix = {arXiv},
       eprint = {1806.01195},
 primaryClass = {astro-ph.GA},
       adsurl = {https://ui.adsabs.harvard.edu/abs/2018ApJ...865...85I},
      adsnote = {Provided by the SAO/NASA Astrophysics Data System}
}

@ARTICLE{2018MNRAS.478.3862M,
       author = {{Malhan}, Khyati and {Ibata}, Rodrigo A. and {Goldman}, Bertrand and {Martin}, Nicolas F. and {Magnier}, Eugene and {Chambers}, Kenneth},
        title = "{STREAMFINDER II: A possible fanning structure parallel to the GD-1 stream in Pan-STARRS1}",
      journal = {\mnras},
     keywords = {stars: kinematics and dynamics, Galaxy: evolution, Galaxy: formation, Galaxy: halo, Galaxy: kinematics and dynamics, Galaxy: structure, Astrophysics - Astrophysics of Galaxies},
         year = 2018,
        month = aug,
       volume = {478},
       number = {3},
        pages = {3862-3870},
          doi = {10.1093/mnras/sty1338},
archivePrefix = {arXiv},
       eprint = {1805.08205},
 primaryClass = {astro-ph.GA},
       adsurl = {https://ui.adsabs.harvard.edu/abs/2018MNRAS.478.3862M},
      adsnote = {Provided by the SAO/NASA Astrophysics Data System}
}

@ARTICLE{2018MNRAS.477.4063M,
       author = {{Malhan}, Khyati and {Ibata}, Rodrigo A.},
        title = "{STREAMFINDER - I. A new algorithm for detecting stellar streams}",
      journal = {\mnras},
     keywords = {stars: kinematics and dynamics, Galaxy: halo, Galaxy: kinematics and dynamics, Galaxy: structure, Astrophysics - Astrophysics of Galaxies},
         year = 2018,
        month = jul,
       volume = {477},
       number = {3},
        pages = {4063-4076},
          doi = {10.1093/mnras/sty912},
archivePrefix = {arXiv},
       eprint = {1804.11338},
 primaryClass = {astro-ph.GA},
       adsurl = {https://ui.adsabs.harvard.edu/abs/2018MNRAS.477.4063M},
      adsnote = {Provided by the SAO/NASA Astrophysics Data System}
}

@ARTICLE{2016ApJ...833...31B,
       author = {{Bovy}, Jo and {Bahmanyar}, Anita and {Fritz}, Tobias K. and {Kallivayalil}, Nitya},
        title = "{The Shape of the Inner Milky Way Halo from Observations of the Pal 5 and GD--1 Stellar Streams}",
      journal = {\apj},
     keywords = {dark matter, Galaxy: fundamental parameters, Galaxy: halo, Galaxy: kinematics and dynamics, Galaxy: structure, globular clusters: individual: Palomar 5, Astrophysics - Astrophysics of Galaxies, Astrophysics - Cosmology and Nongalactic Astrophysics},
         year = 2016,
        month = dec,
       volume = {833},
       number = {1},
          eid = {31},
        pages = {31},
          doi = {10.3847/1538-4357/833/1/31},
archivePrefix = {arXiv},
       eprint = {1609.01298},
 primaryClass = {astro-ph.GA},
       adsurl = {https://ui.adsabs.harvard.edu/abs/2016ApJ...833...31B},
      adsnote = {Provided by the SAO/NASA Astrophysics Data System}
}

@ARTICLE{2016MNRAS.463L..17A,
       author = {{Amorisco}, Nicola C. and {G{\'o}mez}, Facundo A. and {Vegetti}, Simona and {White}, Simon D.~M.},
        title = "{Gaps in globular cluster streams: giant molecular clouds can cause them too}",
      journal = {\mnras},
     keywords = {galaxies: haloes, galaxies: kinematics and dynamics, galaxies: structure, cosmology: theory, dark matter, Astrophysics - Astrophysics of Galaxies, Astrophysics - Cosmology and Nongalactic Astrophysics},
         year = 2016,
        month = nov,
       volume = {463},
       number = {1},
        pages = {L17-L21},
          doi = {10.1093/mnrasl/slw148},
archivePrefix = {arXiv},
       eprint = {1606.02715},
 primaryClass = {astro-ph.GA},
       adsurl = {https://ui.adsabs.harvard.edu/abs/2016MNRAS.463L..17A},
      adsnote = {Provided by the SAO/NASA Astrophysics Data System}
}

@ARTICLE{2016MNRAS.463..102E,
       author = {{Erkal}, Denis and {Belokurov}, Vasily and {Bovy}, Jo and {Sanders}, Jason L.},
        title = "{The number and size of subhalo-induced gaps in stellar streams}",
      journal = {\mnras},
     keywords = {Galaxy: fundamental parameters, galaxies: haloes, galaxies: structure, dark matter, Astrophysics - Astrophysics of Galaxies},
         year = 2016,
        month = nov,
       volume = {463},
       number = {1},
        pages = {102-119},
          doi = {10.1093/mnras/stw1957},
archivePrefix = {arXiv},
       eprint = {1606.04946},
 primaryClass = {astro-ph.GA},
       adsurl = {https://ui.adsabs.harvard.edu/abs/2016MNRAS.463..102E},
      adsnote = {Provided by the SAO/NASA Astrophysics Data System}
}

@ARTICLE{2016MNRAS.460.2711T,
       author = {{Thomas}, Guillaume F. and {Ibata}, R. and {Famaey}, B. and {Martin}, N.~F. and {Lewis}, G.~F.},
        title = "{Exploring the reality of density substructures in the Palomar 5 stellar stream}",
      journal = {\mnras},
     keywords = {globular clusters: individual: Palomar 5, Galaxy: kinematics and dynamics, Galaxy: structure, dark matter, Astrophysics - Astrophysics of Galaxies},
         year = 2016,
        month = aug,
       volume = {460},
       number = {3},
        pages = {2711-2719},
          doi = {10.1093/mnras/stw1189},
archivePrefix = {arXiv},
       eprint = {1605.05520},
 primaryClass = {astro-ph.GA},
       adsurl = {https://ui.adsabs.harvard.edu/abs/2016MNRAS.460.2711T},
      adsnote = {Provided by the SAO/NASA Astrophysics Data System}
}

@ARTICLE{2016ApJ...819....1I,
       author = {{Ibata}, Rodrigo A. and {Lewis}, Geraint F. and {Martin}, Nicolas F.},
        title = "{Feeling the Pull: a Study of Natural Galactic Accelerometers. I. Photometry of the Delicate Stellar Stream of the Palomar 5 Globular Cluster}",
      journal = {\apj},
     keywords = {dark matter, Galaxy: halo, Galaxy: kinematics and dynamics, globular clusters: individual: Palomar 5, Astrophysics - Astrophysics of Galaxies},
         year = 2016,
        month = mar,
       volume = {819},
       number = {1},
          eid = {1},
        pages = {1},
          doi = {10.3847/0004-637X/819/1/1},
archivePrefix = {arXiv},
       eprint = {1512.03054},
 primaryClass = {astro-ph.GA},
       adsurl = {https://ui.adsabs.harvard.edu/abs/2016ApJ...819....1I},
      adsnote = {Provided by the SAO/NASA Astrophysics Data System}
}

@PHDTHESIS{2016PhDT.......361B,
       author = {{Bonaca}, Ana},
        title = "{Chasing tidal tails around the Milky Way}",
       school = {Yale University, Connecticut},
         year = 2016,
        month = jan,
       adsurl = {https://ui.adsabs.harvard.edu/abs/2016PhDT.......361B},
      adsnote = {Provided by the SAO/NASA Astrophysics Data System}
}

@ARTICLE{2015ApJ...803...80K,
       author = {{K{\"u}pper}, Andreas H.~W. and {Balbinot}, Eduardo and {Bonaca}, Ana and {Johnston}, Kathryn V. and {Hogg}, David W. and {Kroupa}, Pavel and {Santiago}, Basilio X.},
        title = "{Globular Cluster Streams as Galactic High-Precision Scales{\textemdash}the Poster Child Palomar 5}",
      journal = {\apj},
     keywords = {dark matter, Galaxy: fundamental parameters, Galaxy: halo, Galaxy: kinematics and dynamics, Galaxy: structure, globular clusters: individual: Palomar 5, Astrophysics - Astrophysics of Galaxies, Astrophysics - Solar and Stellar Astrophysics},
         year = 2015,
        month = apr,
       volume = {803},
       number = {2},
          eid = {80},
        pages = {80},
          doi = {10.1088/0004-637X/803/2/80},
archivePrefix = {arXiv},
       eprint = {1502.02658},
 primaryClass = {astro-ph.GA},
       adsurl = {https://ui.adsabs.harvard.edu/abs/2015ApJ...803...80K},
      adsnote = {Provided by the SAO/NASA Astrophysics Data System}
}

@ARTICLE{2013ApJ...775...90C,
       author = {{Carlberg}, R.~G.},
        title = "{The Dynamics of Star Stream Gaps}",
      journal = {\apj},
     keywords = {dark matter, Galaxy: kinematics and dynamics, Galaxy: structure, Astrophysics - Astrophysics of Galaxies},
         year = 2013,
        month = oct,
       volume = {775},
       number = {2},
          eid = {90},
        pages = {90},
          doi = {10.1088/0004-637X/775/2/90},
archivePrefix = {arXiv},
       eprint = {1307.1929},
 primaryClass = {astro-ph.GA},
       adsurl = {https://ui.adsabs.harvard.edu/abs/2013ApJ...775...90C},
      adsnote = {Provided by the SAO/NASA Astrophysics Data System}
}

@INPROCEEDINGS{2013pdmg.conf10102C,
       author = {{Carlberg}, Raymond G. and {Grillmair}, C.~J.},
        title = "{Dark Matter Sub-halos and Gaps in Stellar Streams}",
    booktitle = {Probes of Dark Matter on Galaxy Scales},
         year = 2013,
       volume = {1},
        month = jul,
        pages = {10102},
       adsurl = {https://ui.adsabs.harvard.edu/abs/2013pdmg.conf10102C},
      adsnote = {Provided by the SAO/NASA Astrophysics Data System}
}

@ARTICLE{2013ApJ...768..171C,
       author = {{Carlberg}, R.~G. and {Grillmair}, C.~J.},
        title = "{Gaps in the GD-1 Star Stream}",
      journal = {\apj},
     keywords = {dark matter, galaxies: dwarf, Local Group, Astrophysics - Cosmology and Nongalactic Astrophysics},
         year = 2013,
        month = may,
       volume = {768},
       number = {2},
          eid = {171},
        pages = {171},
          doi = {10.1088/0004-637X/768/2/171},
archivePrefix = {arXiv},
       eprint = {1303.4342},
 primaryClass = {astro-ph.CO},
       adsurl = {https://ui.adsabs.harvard.edu/abs/2013ApJ...768..171C},
      adsnote = {Provided by the SAO/NASA Astrophysics Data System}
}

@ARTICLE{2012ApJ...760...75C,
       author = {{Carlberg}, R.~G. and {Grillmair}, C.~J. and {Hetherington}, Nathan},
        title = "{The Pal 5 Star Stream Gaps}",
      journal = {\apj},
     keywords = {dark matter, galaxies: dwarf, Local Group, Astrophysics - Cosmology and Nongalactic Astrophysics, Astrophysics - Astrophysics of Galaxies},
         year = 2012,
        month = nov,
       volume = {760},
       number = {1},
          eid = {75},
        pages = {75},
          doi = {10.1088/0004-637X/760/1/75},
archivePrefix = {arXiv},
       eprint = {1209.1741},
 primaryClass = {astro-ph.CO},
       adsurl = {https://ui.adsabs.harvard.edu/abs/2012ApJ...760...75C},
      adsnote = {Provided by the SAO/NASA Astrophysics Data System}
}

@ARTICLE{2012ApJ...748...20C,
       author = {{Carlberg}, R.~G.},
        title = "{Dark Matter Sub-halo Counts via Star Stream Crossings}",
      journal = {\apj},
     keywords = {dark matter, galaxies: dwarf, Local Group, Astrophysics - Cosmology and Nongalactic Astrophysics, Astrophysics - Astrophysics of Galaxies},
         year = 2012,
        month = mar,
       volume = {748},
       number = {1},
          eid = {20},
        pages = {20},
          doi = {10.1088/0004-637X/748/1/20},
archivePrefix = {arXiv},
       eprint = {1109.6022},
 primaryClass = {astro-ph.CO},
       adsurl = {https://ui.adsabs.harvard.edu/abs/2012ApJ...748...20C},
      adsnote = {Provided by the SAO/NASA Astrophysics Data System}
}

@ARTICLE{2010ApJ...712..260K,
       author = {{Koposov}, Sergey E. and {Rix}, Hans-Walter and {Hogg}, David W.},
        title = "{Constraining the Milky Way Potential with a Six-Dimensional Phase-Space Map of the GD-1 Stellar Stream}",
      journal = {\apj},
     keywords = {Galaxy: fundamental parameters, Galaxy: halo, Galaxy: kinematics and dynamics, methods: statistical, stars: kinematics and dynamics, surveys, Astrophysics - Galaxy Astrophysics, Astrophysics - Cosmology and Extragalactic Astrophysics},
         year = 2010,
        month = mar,
       volume = {712},
       number = {1},
        pages = {260-273},
          doi = {10.1088/0004-637X/712/1/260},
archivePrefix = {arXiv},
       eprint = {0907.1085},
 primaryClass = {astro-ph.GA},
       adsurl = {https://ui.adsabs.harvard.edu/abs/2010ApJ...712..260K},
      adsnote = {Provided by the SAO/NASA Astrophysics Data System}
}

@ARTICLE{2008ApJ...679.1260M,
       author = {{Madau}, Piero and {Diemand}, J{\"u}rg and {Kuhlen}, Michael},
        title = "{Dark Matter Subhalos and the Dwarf Satellites of the Milky Way}",
      journal = {\apj},
     keywords = {cosmology: theory, dark matter, galaxies: dwarf, galaxies: formation, galaxies: halos, methods: numerical, Astrophysics},
         year = 2008,
        month = jun,
       volume = {679},
       number = {2},
        pages = {1260-1271},
          doi = {10.1086/587545},
archivePrefix = {arXiv},
       eprint = {0802.2265},
 primaryClass = {astro-ph},
       adsurl = {https://ui.adsabs.harvard.edu/abs/2008ApJ...679.1260M},
      adsnote = {Provided by the SAO/NASA Astrophysics Data System}
}

@ARTICLE{2006ApJ...643L..17G,
       author = {{Grillmair}, C.~J. and {Dionatos}, O.},
        title = "{Detection of a 63{\textdegree} Cold Stellar Stream in the Sloan Digital Sky Survey}",
      journal = {\apjl},
     keywords = {Galaxy: Halo, Galaxy: Structure, Galaxy: Globular Clusters: General, Astrophysics},
         year = 2006,
        month = may,
       volume = {643},
       number = {1},
        pages = {L17-L20},
          doi = {10.1086/505111},
archivePrefix = {arXiv},
       eprint = {astro-ph/0604332},
 primaryClass = {astro-ph},
       adsurl = {https://ui.adsabs.harvard.edu/abs/2006ApJ...643L..17G},
      adsnote = {Provided by the SAO/NASA Astrophysics Data System}
}

@ARTICLE{2002MNRAS.332..915I,
       author = {{Ibata}, R.~A. and {Lewis}, G.~F. and {Irwin}, M.~J. and {Quinn}, T.},
        title = "{Uncovering cold dark matter halo substructure with tidal streams}",
      journal = {\mnras},
     keywords = {galaxies: haloes, dark matter, Astrophysics},
         year = 2002,
        month = jun,
       volume = {332},
       number = {4},
        pages = {915-920},
          doi = {10.1046/j.1365-8711.2002.05358.x},
archivePrefix = {arXiv},
       eprint = {astro-ph/0110690},
 primaryClass = {astro-ph},
       adsurl = {https://ui.adsabs.harvard.edu/abs/2002MNRAS.332..915I},
      adsnote = {Provided by the SAO/NASA Astrophysics Data System}
}

@ARTICLE{2002ApJ...570..656J,
       author = {{Johnston}, Kathryn V. and {Spergel}, David N. and {Haydn}, Christian},
        title = "{How Lumpy Is the Milky Way's Dark Matter Halo?}",
      journal = {\apj},
     keywords = {Cosmology: Dark Matter, Galaxy: Halo, Galaxy: Kinematics and Dynamics, Galaxy: Structure, Astrophysics},
         year = 2002,
        month = may,
       volume = {570},
       number = {2},
        pages = {656-664},
          doi = {10.1086/339791},
archivePrefix = {arXiv},
       eprint = {astro-ph/0111196},
 primaryClass = {astro-ph},
       adsurl = {https://ui.adsabs.harvard.edu/abs/2002ApJ...570..656J},
      adsnote = {Provided by the SAO/NASA Astrophysics Data System}
}

@ARTICLE{2001ApJ...548L.165O,
       author = {{Odenkirchen}, Michael and {Grebel}, Eva K. and {Rockosi}, Constance M. and {Dehnen}, Walter and {Ibata}, Rodrigo and {Rix}, Hans-Walter and {Stolte}, Andrea and {Wolf}, Christian and {Anderson}, John E., Jr. and {Bahcall}, Neta A. and {Brinkmann}, Jon and {Csabai}, Istv{\'a}n and {Hennessy}, G. and {Hindsley}, Robert B. and {Ivezi{\'c}}, {\v{Z}}eljko and {Lupton}, Robert H. and {Munn}, Jeffrey A. and {Pier}, Jeffrey R. and {Stoughton}, Chris and {York}, Donald G.},
        title = "{Detection of Massive Tidal Tails around the Globular Cluster Palomar 5 with Sloan Digital Sky Survey Commissioning Data}",
      journal = {\apjl},
     keywords = {Galaxy: Halo, Galaxy: Kinematics and Dynamics, Galaxy: Structure, Galaxy: Globular Clusters:: Individual Name: Palomar 5, Astrophysics},
         year = 2001,
        month = feb,
       volume = {548},
       number = {2},
        pages = {L165-L169},
          doi = {10.1086/319095},
archivePrefix = {arXiv},
       eprint = {astro-ph/0012311},
 primaryClass = {astro-ph},
       adsurl = {https://ui.adsabs.harvard.edu/abs/2001ApJ...548L.165O},
      adsnote = {Provided by the SAO/NASA Astrophysics Data System}
}

@ARTICLE{1983SciAm.248f..96R,
       author = {{Rubin}, V.~C.},
        title = "{Dark matter in spiral galaxies}",
      journal = {Scientific American},
     keywords = {Dark Matter, Galactic Nuclei, Galactic Rotation, Mass Distribution, Spiral Galaxies, Doppler Effect, Emission Spectra, Galactic Mass, Galactic Structure, Kepler Laws, Luminosity, Velocity Distribution, Astrophysics},
         year = 1983,
        month = jun,
       volume = {248},
        pages = {96-106},
          doi = {10.1038/scientificamerican0683-96},
       adsurl = {https://ui.adsabs.harvard.edu/abs/1983SciAm.248f..96R},
      adsnote = {Provided by the SAO/NASA Astrophysics Data System}
}

@ARTICLE{1970PhyEd...5..326F,
       author = {{Freeman}, K.~G.},
        title = "{The physics of colour television}",
      journal = {Physics Education},
         year = 1970,
        month = nov,
       volume = {5},
       number = {6},
        pages = {326-331},
          doi = {10.1088/0031-9120/5/6/302},
       adsurl = {https://ui.adsabs.harvard.edu/abs/1970PhyEd...5..326F},
      adsnote = {Provided by the SAO/NASA Astrophysics Data System}
}

@ARTICLE{1970ApJ...161..802F,
       author = {{Freeman}, K.~C.},
        title = "{Erratum: on the Disks of Spiral and s0 Galaxies}",
      journal = {\apj},
         year = 1970,
        month = sep,
       volume = {161},
        pages = {802},
          doi = {10.1086/150583},
       adsurl = {https://ui.adsabs.harvard.edu/abs/1970ApJ...161..802F},
      adsnote = {Provided by the SAO/NASA Astrophysics Data System}
}

@ARTICLE{1970ApJ...159..379R,
       author = {{Rubin}, Vera C. and {Ford}, W. Kent, Jr.},
        title = "{Rotation of the Andromeda Nebula from a Spectroscopic Survey of Emission Regions}",
      journal = {\apj},
         year = 1970,
        month = feb,
       volume = {159},
        pages = {379},
          doi = {10.1086/150317},
       adsurl = {https://ui.adsabs.harvard.edu/abs/1970ApJ...159..379R},
      adsnote = {Provided by the SAO/NASA Astrophysics Data System}
}

@INPROCEEDINGS{1970IAUS...38..351F,
       author = {{Freeman}, K.~C.},
        title = "{Barred Spiral Galaxies}",
    booktitle = {The Spiral Structure of our Galaxy},
         year = 1970,
       editor = {{Becker}, Wilhelm and {Kontopoulos}, Georgios Ioannou},
       series = {IAU Symposium},
       volume = {38},
        month = jan,
        pages = {351},
       adsurl = {https://ui.adsabs.harvard.edu/abs/1970IAUS...38..351F},
      adsnote = {Provided by the SAO/NASA Astrophysics Data System}
}

@ARTICLE{1933AcHPh...6..110Z,
       author = {{Zwicky}, F.},
        title = "{Die Rotverschiebung von extragalaktischen Nebeln}",
      journal = {Helvetica Physica Acta},
         year = 1933,
        month = jan,
       volume = {6},
        pages = {110-127},
       adsurl = {https://ui.adsabs.harvard.edu/abs/1933AcHPh...6..110Z},
      adsnote = {Provided by the SAO/NASA Astrophysics Data System}
}

