@article{davidon1991variable,
  title={Variable metric method for minimization},
  author={Davidon, William C},
  journal={SIAM Journal on optimization},
  volume={1},
  number={1},
  pages={1--17},
  year={1991},
  publisher={SIAM}
}